{
  "code":"CAC",
  "exchangeCode": "PA",
  'Balance_Sheet': {'currency': 'EUR', 'quarterly': [
            {'date': '2020-12-31', 'filing_date': None, 'currency_symbol': 'EUR', 'totalAssets': None, 'intangibleAssets': None, 'earningAssets': None, 'otherCurrentAssets': '1973000000.00', 'totalLiab': None, 'totalStockholderEquity': None, 'deferredLongTermLiab': '1540000000.00', 'otherCurrentLiab': '37157000000.00', 'commonStock': '785000000.00', 'retainedEarnings': '250000000.00', 'otherLiab': '39786000000.00', 'goodWill': None, 'otherAssets': '9265000000.00', 'cash': None, 'totalCurrentLiabilities': '49771000000.00', 'shortTermDebt': None, 'shortLongTermDebt': None, 'shortLongTermDebtTotal': None, 'otherStockholderEquity': '1853000000.00', 'propertyPlantEquipment': '16674000000.00', 'totalCurrentAssets': '58400000000.00', 'longTermInvestments': None, 'netTangibleAssets': '-8496000000.00', 'shortTermInvestments': None, 'netReceivables': '9009000000.00', 'longTermDebt': None, 'inventory': '30401000000.00', 'accountsPayable': '8852000000.00', 'totalPermanentEquity': None, 'noncontrollingInterestInConsolidatedEntity': None, 'temporaryEquityRedeemableNoncontrollingInterests': None, 'accumulatedOtherComprehensiveIncome': None, 'additionalPaidInCapital': None, 'commonStockTotalEquity': None, 'preferredStockTotalEquity': None, 'retainedEarningsTotalEquity': None, 'treasuryStock': None, 'accumulatedAmortization': None, 'nonCurrrentAssetsOther': None, 'deferredLongTermAssetCharges': None, 'nonCurrentAssetsTotal': None, 'capitalLeaseObligations': None, 'longTermDebtTotal': None, 'nonCurrentLiabilitiesOther': None, 'nonCurrentLiabilitiesTotal': None, 'negativeGoodwill': None, 'warrants': None, 'preferredStockRedeemable': None, 'capitalSurpluse': None, 'liabilitiesAndStockholdersEquity': None, 'cashAndShortTermInvestments': None, 'propertyPlantAndEquipmentGross': None, 'accumulatedDepreciation': None, 'commonStockSharesOutstanding': None
            },
            {'date': '2020-09-30', 'filing_date': None, 'currency_symbol': 'EUR', 'totalAssets': '113306000000.00', 'intangibleAssets': '3377000000.00', 'earningAssets': None, 'otherCurrentAssets': '1929000000.00', 'totalLiab': '111382000000.00', 'totalStockholderEquity': '1914000000.00', 'deferredLongTermLiab': '361000000.00', 'otherCurrentLiab': '42456000000.00', 'commonStock': '785000000.00', 'retainedEarnings': '-1252000000.00', 'otherLiab': '40067000000.00', 'goodWill': '13017000000.00', 'otherAssets': '7364000000.00', 'cash': '10927000000.00', 'totalCurrentLiabilities': '57342000000.00', 'shortTermDebt': None, 'shortLongTermDebt': '4111000000.00', 'shortLongTermDebtTotal': None, 'otherStockholderEquity': '-1171000000.00', 'propertyPlantEquipment': '16666000000.00', 'totalCurrentAssets': '62397000000.00', 'longTermInvestments': None, 'netTangibleAssets': '-14480000000.00', 'shortTermInvestments': '2490000000.00', 'netReceivables': '9976000000.00', 'longTermDebt': '12618000000.00', 'inventory': '36655000000.00', 'accountsPayable': '9648000000.00', 'totalPermanentEquity': None, 'noncontrollingInterestInConsolidatedEntity': None, 'temporaryEquityRedeemableNoncontrollingInterests': None, 'accumulatedOtherComprehensiveIncome': None, 'additionalPaidInCapital': None, 'commonStockTotalEquity': None, 'preferredStockTotalEquity': None, 'retainedEarningsTotalEquity': None, 'treasuryStock': None, 'accumulatedAmortization': None, 'nonCurrrentAssetsOther': '100000000.00', 'deferredLongTermAssetCharges': None, 'nonCurrentAssetsTotal': '50909000000.00', 'capitalLeaseObligations': '1608000000.00', 'longTermDebtTotal': None, 'nonCurrentLiabilitiesOther': '375000000.00', 'nonCurrentLiabilitiesTotal': '50261000000.00', 'negativeGoodwill': None, 'warrants': None, 'preferredStockRedeemable': None, 'capitalSurpluse': None, 'liabilitiesAndStockholdersEquity': None, 'cashAndShortTermInvestments': None, 'propertyPlantAndEquipmentGross': None, 'accumulatedDepreciation': None, 'commonStockSharesOutstanding': '783630752.00'
            },
            {'date': '2020-06-30', 'filing_date': None, 'currency_symbol': 'EUR', 'totalAssets': '112871000000.00', 'intangibleAssets': '3455000000.00', 'earningAssets': None, 'otherCurrentAssets': '1728000000.00', 'totalLiab': '111540000000.00', 'totalStockholderEquity': '1322000000.00', 'deferredLongTermLiab': '361000000.00', 'otherCurrentLiab': '43844000000.00', 'commonStock': '785000000.00', 'retainedEarnings': '-296000000.00', 'otherLiab': '38708000000.00', 'goodWill': '13029000000.00', 'otherAssets': '7388000000.00', 'cash': '9924000000.00', 'totalCurrentLiabilities': '59391000000.00', 'shortTermDebt': None, 'shortLongTermDebt': '4377000000.00', 'shortLongTermDebtTotal': None, 'otherStockholderEquity': '-2719000000.00', 'propertyPlantEquipment': '16936000000.00', 'totalCurrentAssets': '61012000000.00', 'longTermInvestments': None, 'netTangibleAssets': '-15162000000.00', 'shortTermInvestments': '2381000000.00', 'netReceivables': '8917000000.00', 'longTermDebt': '12176000000.00', 'inventory': '37524000000.00', 'accountsPayable': '10703000000.00', 'totalPermanentEquity': None, 'noncontrollingInterestInConsolidatedEntity': None, 'temporaryEquityRedeemableNoncontrollingInterests': None, 'accumulatedOtherComprehensiveIncome': None, 'additionalPaidInCapital': None, 'commonStockTotalEquity': None, 'preferredStockTotalEquity': None, 'retainedEarningsTotalEquity': None, 'treasuryStock': None, 'accumulatedAmortization': None, 'nonCurrrentAssetsOther': '107000000.00', 'deferredLongTermAssetCharges': None, 'nonCurrentAssetsTotal': '51859000000.00', 'capitalLeaseObligations': '1517000000.00', 'longTermDebtTotal': None, 'nonCurrentLiabilitiesOther': '373000000.00', 'nonCurrentLiabilitiesTotal': '48668000000.00', 'negativeGoodwill': None, 'warrants': None, 'preferredStockRedeemable': None, 'capitalSurpluse': None, 'liabilitiesAndStockholdersEquity': None, 'cashAndShortTermInvestments': None, 'propertyPlantAndEquipmentGross': None, 'accumulatedDepreciation': None, 'commonStockSharesOutstanding': '783632641.00'
            },
            {'date': '2020-03-31', 'filing_date': None, 'currency_symbol': 'EUR', 'totalAssets': '114003000000.00', 'intangibleAssets': None, 'earningAssets': None, 'otherCurrentAssets': '1749000000.00', 'totalLiab': '110475000000.00', 'totalStockholderEquity': '3517000000.00', 'deferredLongTermLiab': '362000000.00', 'otherCurrentLiab': '43351000000.00', 'commonStock': '784000000.00', 'retainedEarnings': '3186000000.00', 'otherLiab': '37684000000.00', 'goodWill': None, 'otherAssets': '7359000000.00', 'cash': '6348000000.00', 'totalCurrentLiabilities': '64371000000.00', 'shortTermDebt': None, 'shortLongTermDebt': '6141000000.00', 'shortLongTermDebtTotal': None, 'otherStockholderEquity': '-3922000000.00', 'propertyPlantEquipment': '17082000000.00', 'totalCurrentAssets': '57537000000.00', 'longTermInvestments': None, 'netTangibleAssets': '-13106000000.00', 'shortTermInvestments': '2500000000.00', 'netReceivables': '10416000000.00', 'longTermDebt': '7091000000.00', 'inventory': '35955000000.00', 'accountsPayable': '13874000000.00', 'totalPermanentEquity': None, 'noncontrollingInterestInConsolidatedEntity': None, 'temporaryEquityRedeemableNoncontrollingInterests': None, 'accumulatedOtherComprehensiveIncome': None, 'additionalPaidInCapital': None, 'commonStockTotalEquity': None, 'preferredStockTotalEquity': None, 'retainedEarningsTotalEquity': None, 'treasuryStock': None, 'accumulatedAmortization': None, 'nonCurrrentAssetsOther': '90000000.00', 'deferredLongTermAssetCharges': None, 'nonCurrentAssetsTotal': '56466000000.00', 'capitalLeaseObligations': '1585000000.00', 'longTermDebtTotal': None, 'nonCurrentLiabilitiesOther': '370000000.00', 'nonCurrentLiabilitiesTotal': '42584000000.00', 'negativeGoodwill': None, 'warrants': None, 'preferredStockRedeemable': None, 'capitalSurpluse': None, 'liabilitiesAndStockholdersEquity': None, 'cashAndShortTermInvestments': None, 'propertyPlantAndEquipmentGross': None, 'accumulatedDepreciation': None, 'commonStockSharesOutstanding': '782277940.00'
            },
            {'date': '2019-12-31', 'filing_date': None, 'currency_symbol': 'EUR', 'totalAssets': '114409000000.00', 'intangibleAssets': '3572000000.00', 'earningAssets': None, 'otherCurrentAssets': '1468000000.00', 'totalLiab': '108419000000.00', 'totalStockholderEquity': '5975000000.00', 'deferredLongTermLiab': '1811000000.00', 'otherCurrentLiab': '44834000000.00', 'commonStock': '784000000.00', 'retainedEarnings': '2241000000.00', 'otherLiab': '37856000000.00', 'goodWill': '13019000000.00', 'otherAssets': '8079000000.00', 'cash': '9314000000.00', 'totalCurrentLiabilities': '62374000000.00', 'shortTermDebt': '1697000000.00', 'shortLongTermDebt': '1697000000.00', 'shortLongTermDebtTotal': None, 'otherStockholderEquity': '-523000000.00', 'propertyPlantEquipment': '17294000000.00', 'totalCurrentAssets': '56723000000.00', 'longTermInvestments': '17182000000.00', 'netTangibleAssets': '-9156000000.00', 'shortTermInvestments': '2770000000.00', 'netReceivables': '11025000000.00', 'longTermDebt': '6891000000.00', 'inventory': '31550000000.00', 'accountsPayable': '14967000000.00', 'totalPermanentEquity': None, 'noncontrollingInterestInConsolidatedEntity': None, 'temporaryEquityRedeemableNoncontrollingInterests': None, 'accumulatedOtherComprehensiveIncome': None, 'additionalPaidInCapital': None, 'commonStockTotalEquity': None, 'preferredStockTotalEquity': None, 'retainedEarningsTotalEquity': None, 'treasuryStock': None, 'accumulatedAmortization': None, 'nonCurrrentAssetsOther': '85000000.00', 'deferredLongTermAssetCharges': None, 'nonCurrentAssetsTotal': '57686000000.00', 'capitalLeaseObligations': '1560000000.00', 'longTermDebtTotal': None, 'nonCurrentLiabilitiesOther': '384000000.00', 'nonCurrentLiabilitiesTotal': '42320000000.00', 'negativeGoodwill': None, 'warrants': None, 'preferredStockRedeemable': None, 'capitalSurpluse': None, 'liabilitiesAndStockholdersEquity': None, 'cashAndShortTermInvestments': None, 'propertyPlantAndEquipmentGross': None, 'accumulatedDepreciation': None, 'commonStockSharesOutstanding': '782310505.00'
            },
            {'date': '2019-09-30', 'filing_date': None, 'currency_symbol': 'EUR', 'totalAssets': '114301000000.00', 'intangibleAssets': '3558000000.00', 'earningAssets': None, 'otherCurrentAssets': '564000000.00', 'totalLiab': '109562000000.00', 'totalStockholderEquity': '4727000000.00', 'deferredLongTermLiab': '383000000.00', 'otherCurrentLiab': '2695000000.00', 'commonStock': '779000000.00', 'retainedEarnings': '3262000000.00', 'otherLiab': '44399000000.00', 'goodWill': '13025000000.00', 'otherAssets': '7898000000.00', 'cash': '4613000000.00', 'totalCurrentLiabilities': '60196000000.00', 'shortTermDebt': '3164000000.00', 'shortLongTermDebt': '3164000000.00', 'shortLongTermDebtTotal': None, 'otherStockholderEquity': '-2339000000.00', 'propertyPlantEquipment': '17143000000.00', 'totalCurrentAssets': '55741000000.00', 'longTermInvestments': '16936000000.00', 'netTangibleAssets': '-11856000000.00', 'shortTermInvestments': '3135000000.00', 'netReceivables': '5036000000.00', 'longTermDebt': '7514000000.00', 'inventory': '35604000000.00', 'accountsPayable': '13066000000.00', 'totalPermanentEquity': None, 'noncontrollingInterestInConsolidatedEntity': None, 'temporaryEquityRedeemableNoncontrollingInterests': None, 'accumulatedOtherComprehensiveIncome': None, 'additionalPaidInCapital': None, 'commonStockTotalEquity': None, 'preferredStockTotalEquity': None, 'retainedEarningsTotalEquity': None, 'treasuryStock': None, 'accumulatedAmortization': None, 'nonCurrrentAssetsOther': '81000000.00', 'deferredLongTermAssetCharges': None, 'nonCurrentAssetsTotal': '58560000000.00', 'capitalLeaseObligations': '1521000000.00', 'longTermDebtTotal': None, 'nonCurrentLiabilitiesOther': '359000000.00', 'nonCurrentLiabilitiesTotal': '49366000000.00', 'negativeGoodwill': None, 'warrants': None, 'preferredStockRedeemable': None, 'capitalSurpluse': None, 'liabilitiesAndStockholdersEquity': None, 'cashAndShortTermInvestments': None, 'propertyPlantAndEquipmentGross': None, 'accumulatedDepreciation': None, 'commonStockSharesOutstanding': '778740200.00'
            },
            {'date': '2019-06-30', 'filing_date': None, 'currency_symbol': 'EUR', 'totalAssets': '112456000000.00', 'intangibleAssets': '3566000000.00', 'earningAssets': None, 'otherCurrentAssets': '598000000.00', 'totalLiab': '105024000000.00', 'totalStockholderEquity': '7434000000.00', 'deferredLongTermLiab': '463000000.00', 'otherCurrentLiab': '3661000000.00', 'commonStock': '779000000.00', 'retainedEarnings': '3377000000.00', 'otherLiab': '39897000000.00', 'goodWill': '13041000000.00', 'otherAssets': '6520000000.00', 'cash': '5218000000.00', 'totalCurrentLiabilities': '56492000000.00', 'shortTermDebt': '2393000000.00', 'shortLongTermDebt': '2393000000.00', 'shortLongTermDebtTotal': None, 'otherStockholderEquity': '253000000.00', 'propertyPlantEquipment': '17274000000.00', 'totalCurrentAssets': '55560000000.00', 'longTermInvestments': '16495000000.00', 'netTangibleAssets': '-9173000000.00', 'shortTermInvestments': '2762000000.00', 'netReceivables': '5871000000.00', 'longTermDebt': '7321000000.00', 'inventory': '34776000000.00', 'accountsPayable': '13069000000.00', 'totalPermanentEquity': None, 'noncontrollingInterestInConsolidatedEntity': None, 'temporaryEquityRedeemableNoncontrollingInterests': None, 'accumulatedOtherComprehensiveIncome': None, 'additionalPaidInCapital': None, 'commonStockTotalEquity': None, 'preferredStockTotalEquity': None, 'retainedEarningsTotalEquity': None, 'treasuryStock': None, 'accumulatedAmortization': None, 'nonCurrrentAssetsOther': '65000000.00', 'deferredLongTermAssetCharges': None, 'nonCurrentAssetsTotal': '56896000000.00', 'capitalLeaseObligations': '1570000000.00', 'longTermDebtTotal': None, 'nonCurrentLiabilitiesOther': '4056000000.00', 'nonCurrentLiabilitiesTotal': '48532000000.00', 'negativeGoodwill': None, 'warrants': None, 'preferredStockRedeemable': None, 'capitalSurpluse': None, 'liabilitiesAndStockholdersEquity': None, 'cashAndShortTermInvestments': None, 'propertyPlantAndEquipmentGross': None, 'accumulatedDepreciation': None, 'commonStockSharesOutstanding': '781756800.00'
            },
            {'date': '2019-03-31', 'filing_date': None, 'currency_symbol': 'EUR', 'totalAssets': '117470000000.00', 'intangibleAssets': '3600000000.00', 'earningAssets': None, 'otherCurrentAssets': '482000000.00', 'totalLiab': '108557000000.00', 'totalStockholderEquity': '8910000000.00', 'deferredLongTermLiab': '774000000.00', 'otherCurrentLiab': '4728000000.00', 'commonStock': '777000000.00', 'retainedEarnings': '5400000000.00', 'otherLiab': '37675000000.00', 'goodWill': '13044000000.00', 'otherAssets': '7684000000.00', 'cash': '5987000000.00', 'totalCurrentLiabilities': '62186000000.00', 'shortTermDebt': '2045000000.00', 'shortLongTermDebt': '2045000000.00', 'shortLongTermDebtTotal': None, 'otherStockholderEquity': '-157000000.00', 'propertyPlantEquipment': '17537000000.00', 'totalCurrentAssets': '60117000000.00', 'longTermInvestments': '15819000000.00', 'netTangibleAssets': '-7734000000.00', 'shortTermInvestments': '3422000000.00', 'netReceivables': '6384000000.00', 'longTermDebt': '7347000000.00', 'inventory': '35154000000.00', 'accountsPayable': '13833000000.00', 'totalPermanentEquity': None, 'noncontrollingInterestInConsolidatedEntity': None, 'temporaryEquityRedeemableNoncontrollingInterests': None, 'accumulatedOtherComprehensiveIncome': None, 'additionalPaidInCapital': None, 'commonStockTotalEquity': None, 'preferredStockTotalEquity': None, 'retainedEarningsTotalEquity': None, 'treasuryStock': None, 'accumulatedAmortization': None, 'nonCurrrentAssetsOther': '68000000.00', 'deferredLongTermAssetCharges': None, 'nonCurrentAssetsTotal': '57353000000.00', 'capitalLeaseObligations': '1627000000.00', 'longTermDebtTotal': None, 'nonCurrentLiabilitiesOther': '3415000000.00', 'nonCurrentLiabilitiesTotal': '46371000000.00', 'negativeGoodwill': None, 'warrants': None, 'preferredStockRedeemable': None, 'capitalSurpluse': None, 'liabilitiesAndStockholdersEquity': None, 'cashAndShortTermInvestments': None, 'propertyPlantAndEquipmentGross': None, 'accumulatedDepreciation': None, 'commonStockSharesOutstanding': '781250000.00'
            },
            {'date': '2018-12-31', 'filing_date': None, 'currency_symbol': 'EUR', 'totalAssets': '115198000000.00', 'intangibleAssets': '2105000000.00', 'earningAssets': None, 'otherCurrentAssets': '1490000000.00', 'totalLiab': '105479000000.00', 'totalStockholderEquity': '9724000000.00', 'deferredLongTermLiab': '2359000000.00', 'otherCurrentLiab': '40205000000.00', 'commonStock': '777000000.00', 'retainedEarnings': '5923000000.00', 'otherLiab': '37230000000.00', 'goodWill': '13039000000.00', 'otherAssets': '8404000000.00', 'cash': '9413000000.00', 'totalCurrentLiabilities': '60786000000.00', 'shortTermDebt': '1440000000.00', 'shortLongTermDebt': '1440000000.00', 'shortLongTermDebtTotal': None, 'otherStockholderEquity': '134000000.00', 'propertyPlantEquipment': '16773000000.00', 'totalCurrentAssets': '58634000000.00', 'longTermInvestments': '16243000000.00', 'netTangibleAssets': '-5420000000.00', 'shortTermInvestments': '3064000000.00', 'netReceivables': '12655000000.00', 'longTermDebt': '7156000000.00', 'inventory': '31891000000.00', 'accountsPayable': '16412000000.00', 'totalPermanentEquity': None, 'noncontrollingInterestInConsolidatedEntity': None, 'temporaryEquityRedeemableNoncontrollingInterests': None, 'accumulatedOtherComprehensiveIncome': None, 'additionalPaidInCapital': None, 'commonStockTotalEquity': None, 'preferredStockTotalEquity': None, 'retainedEarningsTotalEquity': None, 'treasuryStock': None, 'accumulatedAmortization': None, 'nonCurrrentAssetsOther': None, 'deferredLongTermAssetCharges': None, 'nonCurrentAssetsTotal': None, 'capitalLeaseObligations': None, 'longTermDebtTotal': None, 'nonCurrentLiabilitiesOther': None, 'nonCurrentLiabilitiesTotal': None, 'negativeGoodwill': None, 'warrants': None, 'preferredStockRedeemable': None, 'capitalSurpluse': None, 'liabilitiesAndStockholdersEquity': None, 'cashAndShortTermInvestments': None, 'propertyPlantAndEquipmentGross': None, 'accumulatedDepreciation': None, 'commonStockSharesOutstanding': '780366500.00'
            },
            {'date': '2018-09-30', 'filing_date': None, 'currency_symbol': 'EUR', 'totalAssets': '116046000000.00', 'intangibleAssets': '3847000000.00', 'earningAssets': None, 'otherCurrentAssets': '1675000000.00', 'totalLiab': '106520000000.00', 'totalStockholderEquity': '9531000000.00', 'deferredLongTermLiab': '887000000.00', 'otherCurrentLiab': '41832000000.00', 'commonStock': '776000000.00', 'retainedEarnings': None, 'otherLiab': '37410000000.00', 'goodWill': '13141000000.00', 'otherAssets': '7670000000.00', 'cash': '5603000000.00', 'totalCurrentLiabilities': '61610000000.00', 'shortTermDebt': '3623000000.00', 'shortLongTermDebt': '3623000000.00', 'shortLongTermDebtTotal': None, 'otherStockholderEquity': '8809000000.00', 'propertyPlantEquipment': '16659000000.00', 'totalCurrentAssets': '58519000000.00', 'longTermInvestments': '16210000000.00', 'netTangibleAssets': '-7457000000.00', 'shortTermInvestments': '3363000000.00', 'netReceivables': '12583000000.00', 'longTermDebt': '7186000000.00', 'inventory': '35052000000.00', 'accountsPayable': '13695000000.00', 'totalPermanentEquity': None, 'noncontrollingInterestInConsolidatedEntity': None, 'temporaryEquityRedeemableNoncontrollingInterests': None, 'accumulatedOtherComprehensiveIncome': None, 'additionalPaidInCapital': None, 'commonStockTotalEquity': None, 'preferredStockTotalEquity': None, 'retainedEarningsTotalEquity': None, 'treasuryStock': '-54000000.00', 'accumulatedAmortization': None, 'nonCurrrentAssetsOther': None, 'deferredLongTermAssetCharges': None, 'nonCurrentAssetsTotal': None, 'capitalLeaseObligations': None, 'longTermDebtTotal': None, 'nonCurrentLiabilitiesOther': None, 'nonCurrentLiabilitiesTotal': None, 'negativeGoodwill': None, 'warrants': None, 'preferredStockRedeemable': None, 'capitalSurpluse': None, 'liabilitiesAndStockholdersEquity': None, 'cashAndShortTermInvestments': None, 'propertyPlantAndEquipmentGross': None, 'accumulatedDepreciation': None, 'commonStockSharesOutstanding': '703676500.00'
            },
            {'date': '2018-06-30', 'filing_date': None, 'currency_symbol': 'EUR', 'totalAssets': '108287000000.00', 'intangibleAssets': '2440000000.00', 'earningAssets': None, 'otherCurrentAssets': '1560000000.00', 'totalLiab': '99096000000.00', 'totalStockholderEquity': '9199000000.00', 'deferredLongTermLiab': '882000000.00', 'otherCurrentLiab': '41317000000.00', 'commonStock': '776000000.00', 'retainedEarnings': None, 'otherLiab': '32418000000.00', 'goodWill': '9141000000.00', 'otherAssets': '7388000000.00', 'cash': '5138000000.00', 'totalCurrentLiabilities': '59042000000.00', 'shortTermDebt': '2054000000.00', 'shortLongTermDebt': '2054000000.00', 'shortLongTermDebtTotal': None, 'otherStockholderEquity': '8477000000.00', 'propertyPlantEquipment': '16476000000.00', 'totalCurrentAssets': '56382000000.00', 'longTermInvestments': '16460000000.00', 'netTangibleAssets': '-2382000000.00', 'shortTermInvestments': '3076000000.00', 'netReceivables': '12529000000.00', 'longTermDebt': '7319000000.00', 'inventory': '33775000000.00', 'accountsPayable': '13825000000.00', 'totalPermanentEquity': None, 'noncontrollingInterestInConsolidatedEntity': None, 'temporaryEquityRedeemableNoncontrollingInterests': None, 'accumulatedOtherComprehensiveIncome': None, 'additionalPaidInCapital': None, 'commonStockTotalEquity': None, 'preferredStockTotalEquity': None, 'retainedEarningsTotalEquity': None, 'treasuryStock': '-54000000.00', 'accumulatedAmortization': None, 'nonCurrrentAssetsOther': None, 'deferredLongTermAssetCharges': None, 'nonCurrentAssetsTotal': None, 'capitalLeaseObligations': None, 'longTermDebtTotal': None, 'nonCurrentLiabilitiesOther': None, 'nonCurrentLiabilitiesTotal': None, 'negativeGoodwill': None, 'warrants': None, 'preferredStockRedeemable': None, 'capitalSurpluse': None, 'liabilitiesAndStockholdersEquity': None, 'cashAndShortTermInvestments': None, 'propertyPlantAndEquipmentGross': None, 'accumulatedDepreciation': None, 'commonStockSharesOutstanding': '208823500.00'
            }
        ], 'yearly': [
            {'date': '2020-12-31', 'filing_date': None, 'currency_symbol': 'EUR', 'totalAssets': None, 'intangibleAssets': None, 'earningAssets': None, 'otherCurrentAssets': '1973000000.00', 'totalLiab': None, 'totalStockholderEquity': None, 'deferredLongTermLiab': '1540000000.00', 'otherCurrentLiab': '37157000000.00', 'commonStock': '785000000.00', 'retainedEarnings': '250000000.00', 'otherLiab': '39786000000.00', 'goodWill': None, 'otherAssets': '9265000000.00', 'cash': None, 'totalCurrentLiabilities': '49771000000.00', 'shortTermDebt': None, 'shortLongTermDebt': None, 'shortLongTermDebtTotal': None, 'otherStockholderEquity': '1853000000.00', 'propertyPlantEquipment': '16674000000.00', 'totalCurrentAssets': '58400000000.00', 'longTermInvestments': None, 'netTangibleAssets': '-8496000000.00', 'shortTermInvestments': None, 'netReceivables': '9009000000.00', 'longTermDebt': None, 'inventory': '30401000000.00', 'accountsPayable': '8852000000.00', 'totalPermanentEquity': None, 'noncontrollingInterestInConsolidatedEntity': None, 'temporaryEquityRedeemableNoncontrollingInterests': None, 'accumulatedOtherComprehensiveIncome': None, 'additionalPaidInCapital': None, 'commonStockTotalEquity': None, 'preferredStockTotalEquity': None, 'retainedEarningsTotalEquity': None, 'treasuryStock': None, 'accumulatedAmortization': None, 'nonCurrrentAssetsOther': None, 'deferredLongTermAssetCharges': None, 'nonCurrentAssetsTotal': None, 'capitalLeaseObligations': None, 'longTermDebtTotal': None, 'nonCurrentLiabilitiesOther': None, 'nonCurrentLiabilitiesTotal': None, 'negativeGoodwill': None, 'warrants': None, 'preferredStockRedeemable': None, 'capitalSurpluse': None, 'liabilitiesAndStockholdersEquity': None, 'cashAndShortTermInvestments': None, 'propertyPlantAndEquipmentGross': None, 'accumulatedDepreciation': None, 'commonStockSharesOutstanding': None
            },
            {'date': '2019-12-31', 'filing_date': None, 'currency_symbol': 'EUR', 'totalAssets': '114409000000.00', 'intangibleAssets': '3572000000.00', 'earningAssets': None, 'otherCurrentAssets': '1468000000.00', 'totalLiab': '108419000000.00', 'totalStockholderEquity': '5975000000.00', 'deferredLongTermLiab': '1811000000.00', 'otherCurrentLiab': '44834000000.00', 'commonStock': '784000000.00', 'retainedEarnings': '2241000000.00', 'otherLiab': '37856000000.00', 'goodWill': '13019000000.00', 'otherAssets': '8079000000.00', 'cash': '9314000000.00', 'totalCurrentLiabilities': '62374000000.00', 'shortTermDebt': '1697000000.00', 'shortLongTermDebt': '1697000000.00', 'shortLongTermDebtTotal': None, 'otherStockholderEquity': '-523000000.00', 'propertyPlantEquipment': '17294000000.00', 'totalCurrentAssets': '56723000000.00', 'longTermInvestments': '17182000000.00', 'netTangibleAssets': '-9156000000.00', 'shortTermInvestments': '2770000000.00', 'netReceivables': '11025000000.00', 'longTermDebt': '6891000000.00', 'inventory': '31550000000.00', 'accountsPayable': '14967000000.00', 'totalPermanentEquity': None, 'noncontrollingInterestInConsolidatedEntity': None, 'temporaryEquityRedeemableNoncontrollingInterests': None, 'accumulatedOtherComprehensiveIncome': None, 'additionalPaidInCapital': None, 'commonStockTotalEquity': None, 'preferredStockTotalEquity': None, 'retainedEarningsTotalEquity': None, 'treasuryStock': None, 'accumulatedAmortization': None, 'nonCurrrentAssetsOther': '85000000.00', 'deferredLongTermAssetCharges': None, 'nonCurrentAssetsTotal': '57686000000.00', 'capitalLeaseObligations': '1560000000.00', 'longTermDebtTotal': None, 'nonCurrentLiabilitiesOther': '384000000.00', 'nonCurrentLiabilitiesTotal': '42320000000.00', 'negativeGoodwill': None, 'warrants': None, 'preferredStockRedeemable': None, 'capitalSurpluse': None, 'liabilitiesAndStockholdersEquity': None, 'cashAndShortTermInvestments': None, 'propertyPlantAndEquipmentGross': None, 'accumulatedDepreciation': None, 'commonStockSharesOutstanding': '782310505.00'
            },
            {'date': '2018-12-31', 'filing_date': None, 'currency_symbol': 'EUR', 'totalAssets': '115198000000.00', 'intangibleAssets': '3687000000.00', 'earningAssets': None, 'otherCurrentAssets': '1490000000.00', 'totalLiab': '105479000000.00', 'totalStockholderEquity': '9724000000.00', 'deferredLongTermLiab': '2359000000.00', 'otherCurrentLiab': '40205000000.00', 'commonStock': '777000000.00', 'retainedEarnings': '5923000000.00', 'otherLiab': '37230000000.00', 'goodWill': '13039000000.00', 'otherAssets': '8404000000.00', 'cash': '9413000000.00', 'totalCurrentLiabilities': '60786000000.00', 'shortTermDebt': '1440000000.00', 'shortLongTermDebt': '1440000000.00', 'shortLongTermDebtTotal': None, 'otherStockholderEquity': '134000000.00', 'propertyPlantEquipment': '16773000000.00', 'totalCurrentAssets': '58634000000.00', 'longTermInvestments': '16243000000.00', 'netTangibleAssets': '-5420000000.00', 'shortTermInvestments': '3064000000.00', 'netReceivables': '12655000000.00', 'longTermDebt': '7156000000.00', 'inventory': '31891000000.00', 'accountsPayable': '16412000000.00', 'totalPermanentEquity': None, 'noncontrollingInterestInConsolidatedEntity': None, 'temporaryEquityRedeemableNoncontrollingInterests': None, 'accumulatedOtherComprehensiveIncome': None, 'additionalPaidInCapital': None, 'commonStockTotalEquity': None, 'preferredStockTotalEquity': None, 'retainedEarningsTotalEquity': None, 'treasuryStock': None, 'accumulatedAmortization': None, 'nonCurrrentAssetsOther': '-156000000.00', 'deferredLongTermAssetCharges': None, 'nonCurrentAssetsTotal': '56564000000.00', 'capitalLeaseObligations': '330000000.00', 'longTermDebtTotal': None, 'nonCurrentLiabilitiesOther': '460000000.00', 'nonCurrentLiabilitiesTotal': '40706000000.00', 'negativeGoodwill': None, 'warrants': None, 'preferredStockRedeemable': None, 'capitalSurpluse': None, 'liabilitiesAndStockholdersEquity': None, 'cashAndShortTermInvestments': None, 'propertyPlantAndEquipmentGross': None, 'accumulatedDepreciation': None, 'commonStockSharesOutstanding': '775730957.00'
            }
        ]
    }, 'Income_Statement': {'currency': 'EUR', 'quarterly': [
            {'date': '2020-12-31', 'filing_date': None, 'currency_symbol': 'EUR', 'researchDevelopment': None, 'effectOfAccountingCharges': None, 'incomeBeforeTax': None, 'minorityInterest': '11000000.00', 'netIncome': None, 'sellingGeneralAdministrative': None, 'grossProfit': None, 'ebit': None, 'nonOperatingIncomeNetOther': None, 'operatingIncome': None, 'otherOperatingExpenses': None, 'interestExpense': None, 'taxProvision': None, 'interestIncome': None, 'netInterestIncome': None, 'extraordinaryItems': None, 'nonRecurring': None, 'otherItems': None, 'incomeTaxExpense': '236000000.00', 'totalRevenue': None, 'totalOperatingExpenses': None, 'costOfRevenue': None, 'totalOtherIncomeExpenseNet': None, 'discontinuedOperations': None, 'netIncomeFromContinuingOps': None, 'netIncomeApplicableToCommonShares': '1553000000.00', 'preferredStockAndOtherAdjustments': None
            },
            {'date': '2020-09-30', 'filing_date': None, 'currency_symbol': 'EUR', 'researchDevelopment': '636000000.00', 'effectOfAccountingCharges': None, 'incomeBeforeTax': '-909000000.00', 'minorityInterest': '10000000.00', 'netIncome': '-767000000.00', 'sellingGeneralAdministrative': '451000000.00', 'grossProfit': '1685000000.00', 'ebit': '-184000000.00', 'nonOperatingIncomeNetOther': None, 'operatingIncome': '598000000.00', 'otherOperatingExpenses': None, 'interestExpense': '102000000.00', 'taxProvision': '-133000000.00', 'interestIncome': '19000000.00', 'netInterestIncome': '-283000000.00', 'extraordinaryItems': None, 'nonRecurring': None, 'otherItems': None, 'incomeTaxExpense': '-133000000.00', 'totalRevenue': '11213000000.00', 'totalOperatingExpenses': '10615000000.00', 'costOfRevenue': '9528000000.00', 'totalOtherIncomeExpenseNet': None, 'discontinuedOperations': None, 'netIncomeFromContinuingOps': '-776000000.00', 'netIncomeApplicableToCommonShares': '-767000000.00', 'preferredStockAndOtherAdjustments': None
            },
            {'date': '2020-06-30', 'filing_date': None, 'currency_symbol': 'EUR', 'researchDevelopment': '733000000.00', 'effectOfAccountingCharges': None, 'incomeBeforeTax': '-1590000000.00', 'minorityInterest': '9000000.00', 'netIncome': '-1438000000.00', 'sellingGeneralAdministrative': '540000000.00', 'grossProfit': '-249000000.00', 'ebit': '-884000000.00', 'nonOperatingIncomeNetOther': None, 'operatingIncome': '-1522000000.00', 'otherOperatingExpenses': None, 'interestExpense': '113000000.00', 'taxProvision': '-158000000.00', 'interestIncome': '29000000.00', 'netInterestIncome': '48000000.00', 'extraordinaryItems': None, 'nonRecurring': None, 'otherItems': None, 'incomeTaxExpense': '-158000000.00', 'totalRevenue': '8317000000.00', 'totalOperatingExpenses': '9839000000.00', 'costOfRevenue': '8566000000.00', 'totalOtherIncomeExpenseNet': None, 'discontinuedOperations': None, 'netIncomeFromContinuingOps': '-1432000000.00', 'netIncomeApplicableToCommonShares': '-1438000000.00', 'preferredStockAndOtherAdjustments': None
            },
            {'date': '2020-03-31', 'filing_date': None, 'currency_symbol': 'EUR', 'researchDevelopment': '663000000.00', 'effectOfAccountingCharges': None, 'incomeBeforeTax': '-398000000.00', 'minorityInterest': '11000000.00', 'netIncome': '-481000000.00', 'sellingGeneralAdministrative': '593000000.00', 'grossProfit': '1201000000.00', 'ebit': '528000000.00', 'nonOperatingIncomeNetOther': None, 'operatingIncome': '-55000000.00', 'otherOperatingExpenses': None, 'interestExpense': '98000000.00', 'taxProvision': '94000000.00', 'interestIncome': '53000000.00', 'netInterestIncome': '-477000000.00', 'extraordinaryItems': None, 'nonRecurring': None, 'otherItems': None, 'incomeTaxExpense': '94000000.00', 'totalRevenue': '10631000000.00', 'totalOperatingExpenses': '10686000000.00', 'costOfRevenue': '9430000000.00', 'totalOtherIncomeExpenseNet': None, 'discontinuedOperations': None, 'netIncomeFromContinuingOps': '-492000000.00', 'netIncomeApplicableToCommonShares': '-481000000.00', 'preferredStockAndOtherAdjustments': None
            },
            {'date': '2019-12-31', 'filing_date': None, 'currency_symbol': 'EUR', 'researchDevelopment': '1208000000.00', 'effectOfAccountingCharges': None, 'incomeBeforeTax': '-2134000000.00', 'minorityInterest': '15000000.00', 'netIncome': '-3548000000.00', 'sellingGeneralAdministrative': '4298000000.00', 'grossProfit': '3322000000.00', 'ebit': '-1080000000.00', 'nonOperatingIncomeNetOther': None, 'operatingIncome': '-2184000000.00', 'otherOperatingExpenses': None, 'interestExpense': '119000000.00', 'taxProvision': '1365000000.00', 'interestIncome': '85000000.00', 'netInterestIncome': '-41000000.00', 'extraordinaryItems': None, 'nonRecurring': None, 'otherItems': None, 'incomeTaxExpense': '1365000000.00', 'totalRevenue': '24310000000.00', 'totalOperatingExpenses': '26494000000.00', 'costOfRevenue': '20988000000.00', 'totalOtherIncomeExpenseNet': '50000000.00', 'discontinuedOperations': None, 'netIncomeFromContinuingOps': '-3499000000.00', 'netIncomeApplicableToCommonShares': '-3548000000.00', 'preferredStockAndOtherAdjustments': None
            },
            {'date': '2019-09-30', 'filing_date': None, 'currency_symbol': 'EUR', 'researchDevelopment': '727000000.00', 'effectOfAccountingCharges': None, 'incomeBeforeTax': '1320000000.00', 'minorityInterest': '12000000.00', 'netIncome': '989000000.00', 'sellingGeneralAdministrative': '593000000.00', 'grossProfit': '2571000000.00', 'ebit': '2125000000.00', 'nonOperatingIncomeNetOther': None, 'operatingIncome': '1251000000.00', 'otherOperatingExpenses': None, 'interestExpense': '75000000.00', 'taxProvision': '347000000.00', 'interestIncome': '52000000.00', 'netInterestIncome': '-18000000.00', 'extraordinaryItems': None, 'nonRecurring': None, 'otherItems': None, 'incomeTaxExpense': '347000000.00', 'totalRevenue': '15302000000.00', 'totalOperatingExpenses': '14051000000.00', 'costOfRevenue': '12731000000.00', 'totalOtherIncomeExpenseNet': '69000000.00', 'discontinuedOperations': None, 'netIncomeFromContinuingOps': '973000000.00', 'netIncomeApplicableToCommonShares': '989000000.00', 'preferredStockAndOtherAdjustments': None
            },
            {'date': '2019-06-30', 'filing_date': None, 'currency_symbol': 'EUR', 'researchDevelopment': '769000000.00', 'effectOfAccountingCharges': None, 'incomeBeforeTax': '1740000000.00', 'minorityInterest': '-2000000.00', 'netIncome': '1157000000.00', 'sellingGeneralAdministrative': '650000000.00', 'grossProfit': '3232000000.00', 'ebit': '2381000000.00', 'nonOperatingIncomeNetOther': None, 'operatingIncome': '1813000000.00', 'otherOperatingExpenses': None, 'interestExpense': '99000000.00', 'taxProvision': '583000000.00', 'interestIncome': '35000000.00', 'netInterestIncome': '-172000000.00', 'extraordinaryItems': None, 'nonRecurring': None, 'otherItems': None, 'incomeTaxExpense': '583000000.00', 'totalRevenue': '18317000000.00', 'totalOperatingExpenses': '16504000000.00', 'costOfRevenue': '15085000000.00', 'totalOtherIncomeExpenseNet': '-73000000.00', 'discontinuedOperations': None, 'netIncomeFromContinuingOps': '1157000000.00', 'netIncomeApplicableToCommonShares': '1157000000.00', 'preferredStockAndOtherAdjustments': None
            },
            {'date': '2019-03-31', 'filing_date': None, 'currency_symbol': 'EUR', 'researchDevelopment': '654000000.00', 'effectOfAccountingCharges': None, 'incomeBeforeTax': '138000000.00', 'minorityInterest': '3000000.00', 'netIncome': '40000000.00', 'sellingGeneralAdministrative': '584000000.00', 'grossProfit': '1380000000.00', 'ebit': '950000000.00', 'nonOperatingIncomeNetOther': None, 'operatingIncome': '142000000.00', 'otherOperatingExpenses': None, 'interestExpense': '92000000.00', 'taxProvision': '94000000.00', 'interestIncome': '56000000.00', 'netInterestIncome': '-43000000.00', 'extraordinaryItems': None, 'nonRecurring': None, 'otherItems': None, 'incomeTaxExpense': '94000000.00', 'totalRevenue': '12549000000.00', 'totalOperatingExpenses': '12407000000.00', 'costOfRevenue': '11169000000.00', 'totalOtherIncomeExpenseNet': '-4000000.00', 'discontinuedOperations': None, 'netIncomeFromContinuingOps': '44000000.00', 'netIncomeApplicableToCommonShares': '40000000.00', 'preferredStockAndOtherAdjustments': None
            },
            {'date': '2018-12-31', 'filing_date': None, 'currency_symbol': 'EUR', 'researchDevelopment': '1114000000.00', 'effectOfAccountingCharges': None, 'incomeBeforeTax': '2015000000.00', 'minorityInterest': '-5000000.00', 'netIncome': '1601000000.00', 'sellingGeneralAdministrative': '720000000.00', 'grossProfit': '2890000000.00', 'ebit': '1056000000.00', 'nonOperatingIncomeNetOther': None, 'operatingIncome': '1056000000.00', 'otherOperatingExpenses': None, 'interestExpense': '-73000000.00', 'taxProvision': None, 'interestIncome': None, 'netInterestIncome': None, 'extraordinaryItems': None, 'nonRecurring': None, 'otherItems': None, 'incomeTaxExpense': '450000000.00', 'totalRevenue': '23286000000.00', 'totalOperatingExpenses': '22230000000.00', 'costOfRevenue': '20396000000.00', 'totalOtherIncomeExpenseNet': '959000000.00', 'discontinuedOperations': None, 'netIncomeFromContinuingOps': '1565000000.00', 'netIncomeApplicableToCommonShares': '1601000000.00', 'preferredStockAndOtherAdjustments': None
            },
            {'date': '2018-09-30', 'filing_date': None, 'currency_symbol': 'EUR', 'researchDevelopment': '700000000.00', 'effectOfAccountingCharges': None, 'incomeBeforeTax': '1453000000.00', 'minorityInterest': '-5000000.00', 'netIncome': '957000000.00', 'sellingGeneralAdministrative': '621000000.00', 'grossProfit': '2824000000.00', 'ebit': '1503000000.00', 'nonOperatingIncomeNetOther': None, 'operatingIncome': '1503000000.00', 'otherOperatingExpenses': None, 'interestExpense': '-168000000.00', 'taxProvision': None, 'interestIncome': None, 'netInterestIncome': None, 'extraordinaryItems': None, 'nonRecurring': None, 'otherItems': None, 'incomeTaxExpense': '500000000.00', 'totalRevenue': '15451000000.00', 'totalOperatingExpenses': '13948000000.00', 'costOfRevenue': '12627000000.00', 'totalOtherIncomeExpenseNet': '-50000000.00', 'discontinuedOperations': None, 'netIncomeFromContinuingOps': '953000000.00', 'netIncomeApplicableToCommonShares': '957000000.00', 'preferredStockAndOtherAdjustments': None
            },
            {'date': '2018-06-30', 'filing_date': None, 'currency_symbol': 'EUR', 'researchDevelopment': '787000000.00', 'effectOfAccountingCharges': None, 'incomeBeforeTax': '579000000.00', 'minorityInterest': '-8000000.00', 'netIncome': '213000000.00', 'sellingGeneralAdministrative': '552000000.00', 'grossProfit': '2166000000.00', 'ebit': '827000000.00', 'nonOperatingIncomeNetOther': None, 'operatingIncome': '827000000.00', 'otherOperatingExpenses': None, 'interestExpense': '-95000000.00', 'taxProvision': None, 'interestIncome': None, 'netInterestIncome': None, 'extraordinaryItems': None, 'nonRecurring': None, 'otherItems': None, 'incomeTaxExpense': '370000000.00', 'totalRevenue': '14851000000.00', 'totalOperatingExpenses': '14024000000.00', 'costOfRevenue': '12685000000.00', 'totalOtherIncomeExpenseNet': '-248000000.00', 'discontinuedOperations': None, 'netIncomeFromContinuingOps': '209000000.00', 'netIncomeApplicableToCommonShares': '213000000.00', 'preferredStockAndOtherAdjustments': None
            }
        ], 'yearly': [
            {'date': '2020-12-31', 'filing_date': None, 'currency_symbol': 'EUR', 'researchDevelopment': None, 'effectOfAccountingCharges': None, 'incomeBeforeTax': None, 'minorityInterest': '11000000.00', 'netIncome': None, 'sellingGeneralAdministrative': None, 'grossProfit': None, 'ebit': None, 'nonOperatingIncomeNetOther': None, 'operatingIncome': None, 'otherOperatingExpenses': None, 'interestExpense': None, 'taxProvision': None, 'interestIncome': None, 'netInterestIncome': None, 'extraordinaryItems': None, 'nonRecurring': None, 'otherItems': None, 'incomeTaxExpense': '39000000.00', 'totalRevenue': None, 'totalOperatingExpenses': None, 'costOfRevenue': None, 'totalOtherIncomeExpenseNet': None, 'discontinuedOperations': None, 'netIncomeFromContinuingOps': None, 'netIncomeApplicableToCommonShares': '-1133000000.00', 'preferredStockAndOtherAdjustments': None
            },
            {'date': '2019-12-31', 'filing_date': None, 'currency_symbol': 'EUR', 'researchDevelopment': '3358000000.00', 'effectOfAccountingCharges': None, 'incomeBeforeTax': '1064000000.00', 'minorityInterest': '15000000.00', 'netIncome': '-1362000000.00', 'sellingGeneralAdministrative': '6125000000.00', 'grossProfit': '10505000000.00', 'ebit': '4376000000.00', 'nonOperatingIncomeNetOther': None, 'operatingIncome': '1022000000.00', 'otherOperatingExpenses': None, 'interestExpense': '385000000.00', 'taxProvision': '2389000000.00', 'interestIncome': '228000000.00', 'netInterestIncome': '-274000000.00', 'extraordinaryItems': None, 'nonRecurring': None, 'otherItems': None, 'incomeTaxExpense': '2389000000.00', 'totalRevenue': '70478000000.00', 'totalOperatingExpenses': '69456000000.00', 'costOfRevenue': '59973000000.00', 'totalOtherIncomeExpenseNet': '42000000.00', 'discontinuedOperations': None, 'netIncomeFromContinuingOps': '-1325000000.00', 'netIncomeApplicableToCommonShares': '-1362000000.00', 'preferredStockAndOtherAdjustments': None
            },
            {'date': '2018-12-31', 'filing_date': None, 'currency_symbol': 'EUR', 'researchDevelopment': '3217000000.00', 'effectOfAccountingCharges': None, 'incomeBeforeTax': '4285000000.00', 'minorityInterest': '-5000000.00', 'netIncome': '3054000000.00', 'sellingGeneralAdministrative': '2435000000.00', 'grossProfit': '8787000000.00', 'ebit': '7169000000.00', 'nonOperatingIncomeNetOther': None, 'operatingIncome': '3135000000.00', 'otherOperatingExpenses': None, 'interestExpense': '440000000.00', 'taxProvision': '1274000000.00', 'interestIncome': '208000000.00', 'netInterestIncome': '-185000000.00', 'extraordinaryItems': None, 'nonRecurring': None, 'otherItems': None, 'incomeTaxExpense': '1274000000.00', 'totalRevenue': '63707000000.00', 'totalOperatingExpenses': '60572000000.00', 'costOfRevenue': '54920000000.00', 'totalOtherIncomeExpenseNet': '983000000.00', 'discontinuedOperations': None, 'netIncomeFromContinuingOps': '3011000000.00', 'netIncomeApplicableToCommonShares': '3054000000.00', 'preferredStockAndOtherAdjustments': None
            }
        ]
    }
}